<?xml version="1.0" encoding="UTF-8"?><collection xmlns="http://www.loc.gov/MARC21/slim"><record><leader>00442nam--2200181-i-4500</leader><controlfield tag="001">000016002</controlfield><controlfield tag="002">20161230</controlfield><controlfield tag="005">20170303102909</controlfield><controlfield tag="008">060222s1000------------r-----000-0-rum-d</controlfield><datafield ind1=" " ind2=" " tag="040"><subfield code="a">IFIN-HH</subfield></datafield><datafield ind1=" " ind2=" " tag="041"><subfield code="a">rum</subfield></datafield><datafield ind1=" " ind2=" " tag="080"><subfield code="a">535.417</subfield></datafield><datafield ind1="1" ind2=" " tag="100"><subfield code="a">Bratescu, Gheorghe</subfield></datafield><datafield ind1="1" ind2="0" tag="245"><subfield code="a">Interferometrie aplicata</subfield><subfield code="c">Gheorghe Bratescu</subfield></datafield><datafield ind1=" " ind2=" " tag="260"><subfield code="a">Bucuresti</subfield><subfield code="b">Editura Tehnica</subfield><subfield code="c">1963</subfield></datafield><datafield ind1=" " ind2=" " tag="300"><subfield code="a">266 P</subfield></datafield><datafield ind1=" " ind2=" " tag="852"><subfield code="c">9359</subfield></datafield><datafield ind1=" " ind2=" " tag="CAT"><subfield code="a">SYS</subfield><subfield code="c">20170303</subfield><subfield code="h">102909</subfield></datafield></record></collection>